@inproceedings{dinesh2016traceback,
  title={Traceback\: A forensic tool for distributed systems},
  author={Dinesh, Sushant and Rao, Sriram and Chandrasekaran, K},
  booktitle={Proceedings of 3rd International Conference on Advanced Computing, Networking and Informatics\: ICACNI 2015, Volume 2},
  pages={17--27},
  year={2016},
  organization={Springer}
}

@inproceedings{genie,
  title = {GenIE\: Generator-Driven Iterative Data Exploration},
  author = {Sriram Rao and Martin Boissier and Sharad Mehrotra},
  organization={Integrating data generators, like simulators or benchmark data producers, 
             into databases; poster presented at alumni meet (Paused)}
}

@inproceedings{janus,
  title = {Janus\: Autonomous resource allocation and pre-compute for future workloads},
  author = {Sriram Rao and Martin Boissier and Sharad Mehrotra},
  organization = {(Paused)}
}
